% This file was created with JabRef 2.5.
% Encoding: UTF-8

@ARTICLE{CALMA,
  author = {Karen Aardal and Cor Hurkens and Jan Karel Lenstra and Sergey Tiourine},
  title = {Algorithm for Radio Link Frequency Assignment: The Calma Project},
  journal = {Operations Research},
  year = {2002},
  volume = {50},
  pages = {968-980},
  number = {6},
  owner = {william},
  timestamp = {2010.03.24}
}

@ARTICLE{Karen2004,
  author = {Karen I. Aardal and Stan P. M. van Hoesel and Arie M. C. A. Koster
	and Carlo Mannino and Antonio Sassano},
  title = {Models and solution techniques for frequency assignment problems},
  journal = {4OR: A Quarterly Journal of Operations Research},
  year = {2004},
  volume = {1},
  pages = {261-317},
  number = {4},
  month = {December},
  doi = {10.1007/s10288-003-0022-6},
  file = {:/media/BAGGY_PANTS/Masters/Research/Read/FAP/Models and solution techniques for frequency assignment problems.PDF:PDF},
  owner = {william},
  timestamp = {2009.05.23}
}

@INPROCEEDINGS{MetaAgricultural,
  author = {Badarudin, I. and Sultan, A.B.M. and Sulaiman, M.N. and Mamat, A.
	and Mohamed, M.T.M.},
  title = {Metaheuristic approaches for optimizing agricultural land areas},
  booktitle = {Data Mining and Optimization, 2009. DMO '09. 2nd Conference on},
  year = {2009},
  pages = {28 -31},
  month = {27-28},
  doi = {10.1109/DMO.2009.5341914},
  keywords = {agricultural land area optimization;agricultural land use planning;metaheuristic
	approach;resource allocation;single objective optimization problem;agriculture;land
	use planning;optimisation;resource allocation;}
}

@MISC{FAPOrientationModel,
  author = {Ralf Borndörfer and Andreas Eisenblätter and Martin Grötschel and
	Alexander Martin},
  title = {The Orientation Model for Frequency Assignment Problems},
  year = {1998}
}

@ARTICLE{SiteFAPWLAN,
  author = {Jeremy K. Chen and Gustavo de Veciana and Theodore S. Rappaport},
  title = {Site-Specific Knowledge and Interference Measurement for Improving
	Frequency Allocatoins in Wireless Networks},
  journal = {IEEE Transactions on Vehicular Technology},
  year = {2009},
  volume = {58},
  pages = {2366-2376},
  owner = {william},
  timestamp = {2010.03.24}
}

@ARTICLE{DynamicFAP,
  author = {Audrey Dupont and Andrea Carneiro Linhares and Christian Artigues
	and Dominique Feillet and Philippe and Michel Vasquez},
  title = {The Dynamic Frequency assignment problem},
  journal = {European Journal of Operational Research},
  year = {2009},
  volume = {195},
  pages = {75-88},
  owner = {william},
  timestamp = {2010.03.24}
}

@TECHREPORT{AndreasPaper,
  author = {Andreas Eisenbl{\"a}tter},
  title = {Assigning Frequencies in GSM Networks},
  institution = {Konrad-Zuse-Zentrum f{\"u}r Informationstechnik Berlin (ZIB)},
  year = {2001},
  owner = {william},
  timestamp = {2010.02.14}
}

@PHDTHESIS{Eisenblatter,
  author = {Andreas Eisenbl{\"a}tter},
  title = {Frequency Assignment in {GSM} Networks: {M}odels, Heuristics, and
	Lower Bounds},
  school = {Technische Universit{\"a}t Berlin},
  year = {2001},
  address = {Berlin, Germany},
  file = {:/media/BAGGY_PANTS/Masters Research/Research/FAP Research/eisenblaetter-diss.pdf:PDF},
  owner = {william},
  timestamp = {2009.07.13},
  url = {http://www.zib.de/bib/diss/}
}

@ARTICLE{TabuCarryOver,
  author = {Gopalakrishnan, Mohan and Ding, Ke and Bourjolly, Jean-Marie and
	Mohan, Srimathy},
  title = {A Tabu-Search Heuristic for the Capacitated Lot-Sizing Problem with
	Set-up Carryover},
  journal = {Manage. Sci.},
  year = {2001},
  volume = {47},
  pages = {851--863},
  number = {6},
  address = {Institute for Operations Research and the Management Sciences (INFORMS),
	Linthicum, Maryland, USA},
  doi = {http://dx.doi.org/10.1287/mnsc.47.6.851.9813},
  issn = {0025-1909},
  publisher = {INFORMS}
}

@ARTICLE{MultipleBinaryFAP,
  author = {J.S Graham and R. Montemanni and J. N J. Moon and D. H. Smith},
  title = {Frequency Assignment. multiple interference and binary constraints},
  journal = {Wireless Networking},
  year = {2008},
  volume = {14},
  pages = {449-464},
  owner = {william},
  timestamp = {2010.03.25}
}

@ARTICLE{EfficientEvoChannelManagement,
  author = {Harilaos G. Standalidis, Peter P. Stavroulakis, Joe Rodriguez-Tellez},
  title = {An Efficient Evolutionary Algorithm for Channel Resource Management
	in Cellular Mobile Systems},
  journal = {IEEE Transactions of Evolutionary Computation},
  year = {1998},
  volume = {2},
  pages = {125-137},
  number = {4},
  month = {November},
  eid = {1089-778X/97},
  owner = {william},
  timestamp = {2010.02.14}
}

@CONFERENCE{EgyptFAPPSO,
  author = {Hassan M. Elkamchouchi, Hassan M. Elragal},
  title = {Channel Assignment for Cellular Radio using Particle Swarm Optimization},
  booktitle = {The 23rd National radio Science Conference (NRSC 2006)},
  year = {2006},
  month = {March},
  owner = {william},
  timestamp = {2010.02.14}
}

@ARTICLE{LowerPolarFAP,
  author = {Alan Herz and David Schindl and Nicolas Zufferey},
  title = {Lower bounding and tabu search procedures for the frequency assignment
	problem with polarization constraints},
  journal = {4OR: A Quarterly Journal of Operations Research},
  year = {2005},
  volume = {3},
  pages = {139-161},
  owner = {william},
  timestamp = {2010.03.25}
}

@INPROCEEDINGS{SDMASatelite,
  author = {Houssin, L. and Artigues, C. and Corbel, E.},
  title = {Frequency allocation problem in a SDMA satellite communication system},
  year = {2009},
  pages = {1599 -1604},
  month = {july},
  doi = {10.1109/ICCIE.2009.5223821},
  journal = {Computers Industrial Engineering, 2009. CIE 2009. International Conference
	on},
  keywords = {FDMA;SDMA;TDMA;adaptive beamforming;communication channels;cumulative
	interference constraints;dynamic beamforming;frequency allocation
	problem;greedy allocation algorithms;integer linear programming;link
	budget;radio resource sharing;resource allocation;satellite communication
	system;terrestrial communication standards;array signal processing;frequency
	allocation;greedy algorithms;linear programming;satellite communication;space
	division multiple access;telecommunication channels;}
}

@MISC{FAPWeb,
  author = {http://fap.zib.de/},
  title = {FAP Web},
  year = {2010},
  owner = {william},
  timestamp = {2010.03.25}
}

@ARTICLE{RadioFAP,
  author = {Lhassane Idoumghar and Ren{é} Schott},
  title = {Two Distributed Algorithms for the Frequency Assignment Problem in
	the Field of Radio Broadcasting},
  journal = {IEEE Transactions on Broadcasting},
  year = {2009},
  volume = {55},
  pages = {223-229},
  owner = {william},
  timestamp = {2010.03.24}
}

@ARTICLE{MISatelite,
  author = {Wen Liu and Haixiang Shi and Lipo Wang},
  title = {Minimizing Interference in Satellite Communications Using Chaotic
	Neural Networks},
  journal = {Natural Computation, 2007. ICNC 2007. Third International Conference
	on},
  year = {2007},
  volume = {2},
  pages = {441 -444},
  month = {aug.},
  doi = {10.1109/ICNC.2007.473},
  keywords = {cochannel interference;frequency assignment problem;minimizing interference;satellite
	communications;satellite systems;transiently chaotic neural networks;chaotic
	communication;cochannel interference;inference mechanisms;neural
	nets;satellite communication;telecommunication computing;}
}

@INPROCEEDINGS{ACOvsEA,
  author = {Luna, Francisco and Blum, Christian and Alba, Enrique and Nebro,
	Antonio J.},
  title = {ACO vs EAs for solving a real-world frequency assignment problem
	in GSM networks},
  booktitle = {GECCO '07: Proceedings of the 9th annual conference on Genetic and
	evolutionary computation},
  year = {2007},
  pages = {94--101},
  address = {New York, NY, USA},
  publisher = {ACM},
  doi = {http://doi.acm.org/10.1145/1276958.1276972},
  file = {:/media/BAGGY_PANTS/Masters Research/Research/Read/FAP/ACO vs EAs for solving a real-world frequency assignment problem in GSM networks.pdf:PDF},
  isbn = {978-1-59593-697-4},
  location = {London, England}
}

@INPROCEEDINGS{MetaGraph,
  author = {Mahmoudzadeh, H. and Eshghi, K.},
  title = {A Metaheuristic Approach to the Graceful Labeling Problem of Graphs},
  booktitle = {Swarm Intelligence Symposium, 2007. SIS 2007. IEEE},
  year = {2007},
  pages = {84 -91},
  month = {1-5},
  doi = {10.1109/SIS.2007.368030},
  keywords = {ant colony optimization;graceful labeling problem;graphs;metaheuristic
	approach;graph theory;optimisation;}
}

@TECHREPORT{ExactMIFAP,
  author = {Vittoria Maniezzo and Roberto Montemanni},
  title = {An Exact Algorithm for the Min-Interference Frequency Assignment
	Problem},
  institution = {Department of Computer Science, University of Bologna},
  owner = {william},
  timestamp = {2010.03.25}
}

@BOOK{GSMSysEngin,
  title = {GSM System Engineering},
  publisher = {Arteh House, Inc},
  year = {1997},
  author = {Asha Mehrotra},
  owner = {william},
  timestamp = {2009.08.08}
}

@INPROCEEDINGS{Self-AdaptiveMeta,
  author = {Meignan, David and Cr\'{e}put, Jean-Charles and Koukam, Abderrafiaa},
  title = {A cooperative and self-adaptive metaheuristic for the facility location
	problem},
  booktitle = {GECCO '09: Proceedings of the 11th Annual conference on Genetic and
	evolutionary computation},
  year = {2009},
  pages = {317--324},
  address = {New York, NY, USA},
  publisher = {ACM},
  doi = {http://doi.acm.org/10.1145/1569901.1569946},
  isbn = {978-1-60558-325-9},
  location = {Montreal, Qu\'{e}bec, Canada}
}

@INPROCEEDINGS{SweepMeta,
  author = {Mejtsky, George Jiri},
  title = {The improved sweep metaheuristic for simulation optimization and
	application to job shop scheduling},
  booktitle = {WSC '08: Proceedings of the 40th Conference on Winter Simulation},
  year = {2008},
  pages = {731--739},
  publisher = {Winter Simulation Conference},
  isbn = {978-1-4244-2708-6},
  location = {Miami, Florida}
}

@BOOK{GSM92,
  title = {The GSM System for Mobile Communications},
  publisher = {Cell \& Sys},
  year = {1992},
  author = {Michel Mouly, Marie-Bernadette Pautet},
  owner = {william},
  timestamp = {2009.07.22}
}

@INPROCEEDINGS{adaptPSO,
  author = {Monson,, Christopher K. and Seppi,, Kevin D.},
  title = {Adaptive diversity in PSO},
  booktitle = {GECCO '06: Proceedings of the 8th annual conference on Genetic and
	evolutionary computation},
  year = {2006},
  pages = {59--66},
  address = {New York, NY, USA},
  publisher = {ACM},
  doi = {http://0-doi.acm.org.ujlink.uj.ac.za:80/10.1145/1143997.1144006},
  file = {:/media/BAGGY_PANTS/Masters/Research/Read/Adaptive Diversity in PSO.pdf:PDF},
  isbn = {1-59593-186-4},
  location = {Seattle, Washington, USA}
}

@PHDTHESIS{MontemanniThesis,
  author = {Montemanni, Roberto},
  title = {Upper and Lower bounds for the fixed spectrum frequency assignment
	problem},
  school = {School of Tecnology, University of Glamorgan},
  year = {2001},
  owner = {william},
  timestamp = {2010.03.24}
}

@ARTICLE{HeuristicManipulation,
  author = {Montemanni, Roberto and Smith, Derek H.},
  title = {Heuristic manipulation, tabu search and frequency assignment},
  journal = {Comput. Oper. Res.},
  year = {2010},
  volume = {37},
  pages = {543--551},
  number = {3},
  address = {Oxford, UK, UK},
  doi = {http://dx.doi.org/10.1016/j.cor.2008.08.006},
  issn = {0305-0548},
  publisher = {Elsevier Science Ltd.}
}

@ARTICLE{TabuMontemanniSmith,
  author = {Montemanni, Roberto and Smith, Derek H.},
  title = {Heuristic manipulation, tabu search and frequency assignment},
  journal = {Comput. Oper. Res.},
  year = {2008},
  volume = {37},
  pages = {543--551},
  number = {3},
  address = {Oxford, UK, UK},
  doi = {http://dx.doi.org/10.1016/j.cor.2008.08.006},
  issn = {0305-0548},
  publisher = {Elsevier Science Ltd.}
}

@BOOK{wirelesstelcoMullet,
  title = {Wireless telecommunications systems and networks},
  publisher = {Thomsan Delmar Learning},
  year = {2006},
  author = {Garry Mullet},
  owner = {william},
  timestamp = {2009.09.20}
}

@ARTICLE{TabuCSP,
  author = {Koji Nonobe and Toshihide Ibaraki},
  title = {A tabu search approach to the constraint satisfaction problem as
	a general problem solver},
  journal = {European Journal of Operational Research},
  year = {1998},
  volume = {106},
  pages = {599 - 623},
  number = {2-3},
  doi = {DOI: 10.1016/S0377-2217(97)00294-4},
  issn = {0377-2217},
  keywords = {Combinatorial problems},
  url = {http://www.sciencedirect.com/science/article/B6VCT-3V7B1NM-V/2/a49ab58d0eff599cf403127692efbd88}
}

@BOOK{GSMSecurInTeleNetwork,
  title = {Security for Telecommunications Networks},
  publisher = {Springer US},
  year = {2008},
  editor = {Sushil Jajodia},
  author = {Patrick Traynor, Patrick McDaniel, Thomas La Porta},
  volume = {40},
  series = {Advances in Information Security},
  doi = {10.1007/978-0-387-72442-3},
  owner = {william},
  timestamp = {2009.08.16}
}

@ARTICLE{MSFAP,
  author = {Angelos N. Rouskas and Michael G. Kazantzakis and Miltiades E. Anagnostou},
  title = {Minimizing of Frequency Assignment Span in Cellular Networks},
  journal = {IEEE Transactions on Vehicular Technology},
  year = {1999},
  volume = {48},
  pages = {873-882},
  owner = {william},
  timestamp = {2010.03.25}
}

@ARTICLE{InterferenceOrientatedFAP,
  author = {S. Kotrotsos, G. Kotsakis, P. Demestichas E. Tzifa and V. Demesticha},
  title = {Forumlation and Computationally Efficient Algirithms for an Interference-Orientated
	Version of the Frequency Assignment Problem},
  journal = {Wireless Personal Communications},
  year = {2001},
  volume = {18},
  pages = {289-317},
  owner = {william},
  timestamp = {2010.02.14}
}

@ARTICLE{tabuglobalplanning3g,
  author = {St-Hilaire, Marc and Chamberland, Steven and Pierre, Samuel},
  title = {A tabu search algorithm for the global planning problem of third
	generation mobile networks},
  journal = {Comput. Electr. Eng.},
  year = {2008},
  volume = {34},
  pages = {470--487},
  number = {6},
  address = {Tarrytown, NY, USA},
  doi = {http://dx.doi.org/10.1016/j.compeleceng.2008.02.001},
  issn = {0045-7906},
  publisher = {Pergamon Press, Inc.}
}

@ARTICLE{MultiradioMeshNetworks,
  author = {Anand Prabhu Subramanian and Himanshu Gupta and Samir R. Das and
	Jing Cao},
  title = {Minimum Interference Channel Assignment Multiradio Wireless Mesh
	Networks},
  journal = {IEEE Transactions on Mobile Computing},
  year = {2008},
  volume = {7},
  pages = {1459-1473},
  number = {7},
  month = {December},
  owner = {william},
  timestamp = {2010.03.24}
}

@ARTICLE{ReactiveTabuVHR,
  author = {N. A. Wassan},
  title = {A Reactive Tabu Search for the Vehicle Routing Problem},
  journal = {The Journal of the Operation Research Society},
  year = {2006},
  volume = {57},
  pages = {111-116},
  owner = {william},
  timestamp = {2010.05.20}
}

@INPROCEEDINGS{AutoComplexMeta,
  author = {Yiliang Xu and Meng Hiot Lim and Yew-Soon Ong},
  title = {Automatic configuration of metaheuristic algorithms for complex combinatorial
	optimization problems},
  booktitle = {Evolutionary Computation, 2008. CEC 2008. (IEEE World Congress on
	Computational Intelligence). IEEE Congress on},
  year = {2008},
  pages = {2380 -2387},
  month = {1-6},
  doi = {10.1109/CEC.2008.4631116},
  keywords = {automatic configuration engine for metaheuristics;complex combinatorial
	optimization problem;evolutionary learning algorithm;evolutionary
	methodology;left variation-right property tree structure;metaheuristic
	algorithms;quadratic assignment problem;user-defined satisfaction
	function;computational complexity;evolutionary computation;learning
	(artificial intelligence);optimisation;trees (mathematics);}
}

@INPROCEEDINGS{FixedFAPPSO,
  author = {Yangyang Zhang, Dominic C O'Brien},
  title = {Fixed Channel Assignment in Cellular Radio Networks Using Particle
	Swarm Optimization},
  booktitle = {Proceedings of the Internation Symposium of Industrial Electronics},
  year = {2005},
  month = {June},
  owner = {william},
  timestamp = {2010.02.14}
}

@INPROCEEDINGS{TSHazardous,
  author = {Zhang, L. and Guo, S. and Zhu, Y. and Lim, A.},
  title = {A tabu search algorithm for the safe transportation of hazardous
	materials},
  booktitle = {SAC '05: Proceedings of the 2005 ACM symposium on Applied computing},
  year = {2005},
  pages = {940--946},
  address = {New York, NY, USA},
  publisher = {ACM},
  doi = {http://doi.acm.org/10.1145/1066677.1066893},
  isbn = {1-58113-964-0},
  location = {Santa Fe, New Mexico}
}

@comment{jabref-meta: selector_publisher:}

@comment{jabref-meta: selector_author:}

@comment{jabref-meta: selector_journal:}

@comment{jabref-meta: selector_keywords:}

